timestep,buyer,seller,price,quantity
8,MomBot1,BotB,64864.540000,1
10,BotC,MomBot1,64661.860000,1
18,BotB,MomBot1,64477.090000,1
19,BotC,MomBot2,64477.090000,1
22,MomBot1,MomBot1,64663.190000,1
23,BotC,MomBot2,64663.190000,1
26,MomBot1,MomBot1,64694.410000,1
27,BotB,MomBot2,64694.410000,1
31,BotC,MomBot2,64569.900000,1
34,MomBot1,MomBot1,64412.250000,1
35,BotC,BotB,64416.250000,1
42,BotC,MomBot2,64336.990000,1
43,MomBot2,BotC,64340.990000,1
46,BotC,MomBot1,64553.400000,1
49,MomBot1,MomBot2,64553.400000,1
52,MomBot1,MomBot1,64556.830000,1
55,MomBot1,MomBot2,64556.830000,1
56,MomBot2,BotB,64560.830000,1
57,BotC,MomBot1,64571.920000,1
58,MomBot1,MomBot2,64571.920000,1
59,MomBot2,MomBot2,64639.910000,1
61,MomBot1,BotC,64643.910000,1
64,MomBot2,MomBot1,64592.350000,1
66,MomBot2,MomBot1,64555.650000,1
67,MomBot2,MomBot1,64495.270000,1
70,MomBot1,MomBot2,64495.270000,1
72,MomBot1,BotC,64499.270000,1
73,BotB,MomBot1,64682.370000,1
74,BotC,MomBot2,64682.370000,1
76,MomBot1,MomBot2,64686.550000,1
77,MomBot2,BotC,64690.550000,1
80,MomBot1,MomBot1,64695.950000,1
81,MomBot2,MomBot2,64695.950000,1
83,MomBot1,BotB,64701.100000,1
84,MomBot2,MomBot2,64743.220000,1
87,MomBot1,BotB,64747.220000,1
88,MomBot2,MomBot2,64749.100000,1
89,BotB,MomBot2,64759.790000,1
92,MomBot1,MomBot2,64800.310000,1
93,MomBot2,BotC,64864.540000,1
95,MomBot1,MomBot1,64865.080000,1
96,MomBot2,MomBot1,64873.930000,1
98,MomBot2,BotC,64877.930000,1
101,MomBot2,BotC,64882.860000,1
103,MomBot1,RSIBot1,65032.420000,1
104,MomBot2,BotB,65046.750000,1
106,MomBot1,BotC,65046.750000,1
107,MomBot2,MomBot1,65052.150000,1
108,BotB,BotC,65056.150000,1
110,MomBot1,BotC,65098.730000,1
111,MomBot2,MomBot1,65131.400000,1
114,MomBot1,RSIBot1,65226.840000,1
115,MomBot2,RSIBot1,65247.740000,1
116,BotB,BotB,65251.740000,1
118,MomBot1,RSIBot1,65276.980000,1
119,MomBot2,BotC,65280.980000,1
120,BotB,RSIBot1,65399.920000,1
121,BotC,RSIBot1,65436.160000,1
123,MomBot1,BotC,65440.160000,1
124,MomBot2,RSIBot1,65465.820000,1
126,MomBot1,RSIBot1,65590.600000,1
127,MomBot2,RSIBot1,65628.010000,1
130,MomBot2,RSIBot1,65694.010000,1
132,MomBot1,BotB,65698.010000,1
138,MomBot1,MomBot1,65729.550000,1
139,MomBot1,RSIBot1,65786.430000,1
148,MomBot1,RSIBot1,65938.620000,1
151,MomBot2,RSIBot1,66007.870000,1
156,MomBot1,BotC,66263.810000,1
166,MomBot1,RSIBot1,66584.400000,1
169,MomBot1,RSIBot1,66656.370000,1
172,MomBot1,RSIBot1,66857.770000,1
176,MomBot1,RSIBot1,66883.060000,1
179,MomBot2,RSIBot1,66929.240000,1
181,MomBot1,RSIBot1,66964.620000,1
184,MomBot2,RSIBot1,67029.370000,1
186,MomBot1,RSIBot1,67329.480000,1
190,MomBot1,RSIBot1,67439.050000,1
196,MomBot2,RSIBot1,67540.890000,1
202,MomBot1,RSIBot1,67453.460000,1
204,MomBot2,MomBot1,67151.700000,1
205,MomBot1,RSIBot1,67151.700000,1
206,MomBot2,BotC,67155.700000,1
208,BotC,MomBot1,67431.120000,1
209,MomBot2,RSIBot1,67431.120000,1
213,BotC,MomBot1,67402.940000,1
214,MomBot2,RSIBot1,67402.940000,1
216,MomBot2,MomBot2,67376.330000,1
217,BotB,RSIBot1,67376.330000,1
222,MomBot1,MomBot2,67411.980000,1
224,MomBot1,MomBot1,67345.090000,1
225,BotB,MomBot2,67345.090000,1
226,BotC,BotC,67349.090000,1
228,MomBot1,MomBot1,67344.050000,1
233,MomBot1,MomBot1,67416.830000,1
234,MomBot2,BotB,67420.830000,1
237,MomBot2,MomBot2,67404.660000,1
238,MomBot1,MomBot1,67345.500000,1
239,BotC,MomBot2,67345.500000,1
240,MomBot2,BotC,67420.830000,1
241,BotC,MomBot2,67536.910000,1
246,MomBot1,MomBot1,67122.030000,1
247,MomBot2,MomBot2,67122.030000,1
248,MomBot2,BotB,67126.030000,1
249,BotB,MomBot1,67316.230000,1
253,MomBot2,MomBot1,67126.480000,1
254,MomBot2,MomBot2,67126.480000,1
258,MomBot1,MomBot2,67232.330000,1
259,MomBot1,MomBot2,67136.530000,1
263,MomBot1,MomBot1,67202.120000,1
266,MomBot1,MomBot2,67202.120000,1
267,MomBot2,MomBot2,67266.850000,1
268,BotB,MomBot2,67306.820000,1
269,MomBot1,BotB,67310.820000,1
270,MomBot2,MomBot2,67316.230000,1
271,MomBot2,BotC,67320.230000,1
275,MomBot1,MomBot1,67225.520000,1
276,MomBot2,BotB,67229.520000,1
279,MomBot2,MomBot1,67204.230000,1
281,MomBot2,BotB,67208.230000,1
284,MomBot1,BotC,67229.520000,1
286,MomBot1,MomBot1,67292.180000,1
288,MomBot1,BotC,67296.180000,1
289,MomBot2,MomBot2,67359.620000,1
290,MomBot1,MomBot2,67421.460000,1
292,MomBot1,BotB,67544.890000,1
293,MomBot2,BotC,67544.890000,1
294,BotB,MomBot1,67545.200000,1
295,BotC,RSIBot1,67620.080000,1
302,MomBot1,MomBot1,67355.650000,1
304,MomBot2,MomBot1,67219.590000,1
306,BotC,MomBot1,67227.100000,1
307,MomBot2,MomBot2,67227.100000,1
308,MomBot2,MomBot1,67084.000000,1
309,MomBot2,MomBot2,67084.000000,1
313,BotB,MomBot2,67183.090000,1
316,BotB,MomBot2,67168.510000,1
317,MomBot1,MomBot1,67247.420000,1
318,BotB,MomBot2,67247.420000,1
321,MomBot1,MomBot2,67308.330000,1
324,MomBot1,BotC,67312.330000,1
325,MomBot2,MomBot2,67403.540000,1
327,MomBot2,BotC,67407.540000,1
331,MomBot1,MomBot1,67235.050000,1
333,MomBot2,MomBot1,67210.540000,1
334,MomBot2,MomBot2,67210.540000,1
335,MomBot2,BotB,67214.540000,1
341,BotB,MomBot2,67341.690000,1
342,MomBot1,MomBot1,67353.690000,1
343,BotB,MomBot2,67353.690000,1
344,BotC,BotC,67357.690000,1
347,MomBot1,MomBot2,67176.750000,1
349,MomBot2,MomBot1,67189.000000,1
350,BotC,MomBot2,67137.070000,1
352,MomBot2,MomBot1,67017.380000,1
353,MomBot2,MomBot2,67017.380000,1
354,MomBot1,MomBot1,66847.850000,1
355,MomBot1,MomBot2,66847.850000,1
357,BotB,MomBot1,66510.170000,1
358,BotC,MomBot2,66510.170000,1
360,MomBot2,MomBot2,66305.830000,1
362,BotC,MomBot1,66275.330000,1
363,MomBot2,MomBot2,66275.330000,1
364,MomBot2,BotB,66279.330000,1
365,BotC,BotC,66279.330000,1
367,MomBot2,MomBot1,66091.370000,1
368,MomBot2,MomBot2,66091.370000,1
371,MomBot1,MomBot1,65926.110000,1
372,MomBot2,MomBot2,65926.110000,1
375,BotB,MomBot1,65831.880000,1
376,RSIBot1,MomBot2,65831.880000,1
378,MomBot1,MomBot1,65634.330000,1
379,MomBot2,MomBot2,65634.330000,1
381,BotC,MomBot1,65542.520000,1
382,MomBot2,MomBot2,65542.520000,1
384,MomBot1,MomBot1,65449.590000,1
385,MomBot2,MomBot2,65449.590000,1
387,RSIBot1,MomBot1,65515.930000,1
388,RSIBot1,MomBot2,65515.930000,1
392,MomBot1,MomBot2,65775.970000,1
396,MomBot2,MomBot2,66052.200000,1
400,RSIBot1,MomBot2,65808.810000,1
401,MomBot1,BotB,65812.810000,1
405,RSIBot1,BotB,65725.930000,1
408,BotB,MomBot1,65609.830000,1
410,MomBot2,MomBot1,65798.250000,1
412,MomBot2,MomBot1,65538.560000,1
413,BotB,MomBot2,65538.560000,1
414,BotC,BotC,65542.560000,1
415,RSIBot1,MomBot1,65504.140000,1
416,BotC,MomBot2,65504.140000,1
418,MomBot2,MomBot1,65653.850000,1
419,MomBot1,MomBot2,65653.850000,1
420,MomBot2,BotC,65657.850000,1
422,RSIBot1,MomBot2,65626.250000,1
425,MomBot2,MomBot2,65947.490000,1
435,MomBot1,BotC,66337.860000,1
436,MomBot1,BotC,66428.550000,1
442,MomBot2,RSIBot1,66437.250000,1
446,MomBot1,BotB,66421.670000,1
449,MomBot2,MomBot1,66385.010000,1
450,BotC,RSIBot1,66385.010000,1
453,MomBot2,MomBot1,66399.350000,1
454,MomBot1,RSIBot1,66399.350000,1
461,MomBot1,MomBot2,66351.730000,1
462,MomBot2,RSIBot1,66351.730000,1
465,MomBot2,MomBot1,66123.120000,1
466,BotC,MomBot2,66123.120000,1
467,MomBot2,MomBot1,66331.610000,1
468,BotB,MomBot2,66331.610000,1
469,MomBot2,BotC,66335.610000,1
470,BotC,MomBot1,66318.790000,1
471,MomBot1,MomBot2,66318.790000,1
472,MomBot1,RSIBot1,66499.630000,1
474,MomBot1,BotC,66503.630000,1
478,MomBot1,MomBot2,66544.690000,1
479,MomBot2,RSIBot1,66556.410000,1
480,BotB,MomBot2,66561.590000,1
484,MomBot1,MomBot1,66318.450000,1
487,MomBot2,MomBot1,66324.770000,1
488,MomBot2,BotC,66328.770000,1
490,MomBot1,MomBot1,66288.450000,1
492,BotB,MomBot1,66244.880000,1
493,MomBot1,MomBot2,66244.880000,1
494,MomBot2,MomBot1,66084.650000,1
495,MomBot2,MomBot2,66084.650000,1
497,BotB,MomBot1,66144.800000,1
498,MomBot2,MomBot2,66144.800000,1
499,MomBot1,MomBot1,65925.510000,1
500,MomBot2,MomBot2,65925.510000,1
502,MomBot2,MomBot1,65678.520000,1
503,BotC,MomBot2,65678.520000,1
504,BotC,BotB,65682.520000,1
506,BotB,MomBot2,65436.280000,1
508,BotC,MomBot1,65258.280000,1
509,MomBot1,MomBot2,65258.280000,1
512,BotC,MomBot1,65229.410000,1
513,MomBot1,MomBot2,65229.410000,1
516,MomBot2,MomBot1,65208.660000,1
517,MomBot1,MomBot2,65208.660000,1
520,RSIBot1,MomBot1,65331.320000,1
521,BotC,MomBot2,65331.320000,1
526,MomBot2,MomBot2,65384.100000,1
531,MomBot1,MomBot2,65646.470000,1
534,BotB,BotC,65658.250000,1
536,MomBot2,MomBot1,65482.450000,1
537,MomBot1,BotB,65486.450000,1
540,RSIBot1,MomBot1,65496.830000,1
549,MomBot1,MomBot2,65790.680000,1
550,MomBot2,MomBot2,65813.180000,1
558,MomBot2,MomBot1,65788.220000,1
560,MomBot2,MomBot1,65791.960000,1
565,MomBot1,MomBot1,65805.740000,1
566,BotC,BotB,65809.740000,1
570,MomBot2,MomBot2,65782.810000,1
571,MomBot2,BotB,65786.810000,1
573,MomBot1,MomBot1,65749.990000,1
574,MomBot1,MomBot2,65749.990000,1
577,MomBot1,MomBot1,65805.050000,1
578,MomBot2,MomBot2,65805.050000,1
579,MomBot2,MomBot2,65810.870000,1
580,MomBot1,MomBot2,65864.170000,1
581,MomBot2,BotB,65868.170000,1
584,MomBot2,MomBot1,65794.170000,1
588,MomBot1,MomBot1,65861.930000,1
589,MomBot2,MomBot1,65868.930000,1
591,MomBot1,RSIBot1,65964.120000,1
596,BotB,MomBot2,65953.410000,1
597,BotC,BotC,65957.410000,1
600,MomBot1,MomBot2,65980.690000,1
608,MomBot2,BotB,66565.590000,1
610,MomBot1,BotC,66565.590000,1
621,MomBot2,RSIBot1,66439.360000,1
623,MomBot1,MomBot1,66361.560000,1
625,MomBot2,MomBot1,66447.690000,1
626,BotC,RSIBot1,66447.690000,1
631,MomBot2,MomBot1,66148.360000,1
632,MomBot1,MomBot2,66148.360000,1
633,MomBot2,MomBot1,66325.480000,1
634,BotB,MomBot2,66325.480000,1
642,MomBot1,MomBot2,66375.600000,1
644,MomBot1,MomBot1,66377.060000,1
645,MomBot2,MomBot2,66377.060000,1
648,MomBot1,BotC,66379.600000,1
649,MomBot2,BotB,66451.690000,1
650,MomBot1,BotC,66451.690000,1
651,MomBot2,MomBot2,66497.010000,1
652,MomBot1,RSIBot1,66581.880000,1
653,MomBot2,BotB,66585.880000,1
654,MomBot1,BotC,66585.880000,1
655,MomBot2,RSIBot1,66596.310000,1
656,MomBot1,RSIBot1,66750.740000,1
657,MomBot2,BotC,66754.740000,1
659,MomBot1,BotC,66903.060000,1
665,MomBot2,MomBot1,66509.030000,1
666,MomBot1,BotC,66513.030000,1
668,MomBot2,MomBot1,66292.700000,1
669,MomBot2,MomBot2,66292.700000,1
675,MomBot1,MomBot1,66387.270000,1
680,BotB,MomBot2,66359.040000,1
681,MomBot1,MomBot1,66087.330000,1
682,MomBot2,MomBot2,66087.330000,1
684,BotB,MomBot1,66193.650000,1
685,BotB,MomBot2,66193.650000,1
687,MomBot2,MomBot1,66123.220000,1
688,MomBot1,MomBot2,66123.220000,1
690,BotB,MomBot1,65954.140000,1
691,BotC,MomBot2,65954.140000,1
693,BotC,MomBot1,65761.800000,1
694,MomBot1,MomBot2,65761.800000,1
695,MomBot2,BotB,65765.800000,1
697,BotB,MomBot1,65830.260000,1
698,BotC,MomBot2,65830.260000,1
699,BotB,BotC,65834.260000,1
701,MomBot2,MomBot2,65648.850000,1
703,MomBot2,MomBot1,65746.490000,1
704,MomBot1,MomBot2,65746.490000,1
705,MomBot2,BotB,65750.490000,1
708,MomBot1,MomBot1,65498.870000,1
709,MomBot2,MomBot2,65498.870000,1
711,BotC,MomBot1,65489.100000,1
712,RSIBot1,MomBot2,65489.100000,1
713,MomBot1,BotC,65493.100000,1
715,BotB,MomBot1,65348.350000,1
716,MomBot2,MomBot2,65348.350000,1
717,RSIBot1,BotC,65352.350000,1
720,MomBot2,MomBot1,65358.430000,1
721,MomBot2,MomBot2,65358.430000,1
724,MomBot2,MomBot1,65395.180000,1
725,BotB,MomBot2,65395.180000,1
726,BotC,BotC,65399.180000,1
729,MomBot1,MomBot2,65575.560000,1
730,BotB,MomBot2,65727.640000,1
735,MomBot1,MomBot1,65530.380000,1
737,MomBot2,MomBot1,65319.800000,1
739,MomBot2,MomBot1,65171.670000,1
740,MomBot2,BotC,65175.670000,1
743,RSIBot1,MomBot1,65196.510000,1
744,RSIBot1,MomBot2,65196.510000,1
746,BotB,MomBot1,65463.870000,1
747,MomBot2,MomBot2,65463.870000,1
749,MomBot1,MomBot2,65475.600000,1
751,MomBot2,MomBot2,65475.370000,1
752,RSIBot1,BotC,65479.370000,1
754,MomBot1,MomBot2,65354.170000,1
756,MomBot2,MomBot1,65556.550000,1
763,MomBot1,MomBot1,65292.100000,1
766,MomBot2,MomBot1,65313.500000,1
767,BotC,MomBot1,65523.360000,1
768,MomBot2,MomBot2,65523.360000,1
770,MomBot2,MomBot2,65552.880000,1
773,MomBot1,MomBot2,65390.160000,1
774,MomBot2,BotC,65394.160000,1
776,BotB,MomBot1,65153.100000,1
777,RSIBot1,MomBot2,65153.100000,1
778,MomBot1,MomBot1,64943.000000,1
779,RSIBot1,MomBot2,64943.000000,1
781,MomBot1,MomBot1,64924.020000,1
782,MomBot2,MomBot2,64924.020000,1
784,RSIBot1,MomBot1,64981.360000,1
785,MomBot1,MomBot2,64981.360000,1
786,RSIBot1,MomBot1,65099.520000,1
787,MomBot2,MomBot2,65099.520000,1
790,MomBot1,MomBot2,65062.260000,1
792,MomBot1,MomBot2,65225.910000,1
795,MomBot2,MomBot2,65454.870000,1
802,RSIBot1,MomBot1,64924.750000,1
805,MomBot2,MomBot1,65184.160000,1
807,MomBot2,MomBot1,65284.050000,1
808,MomBot2,BotC,65288.050000,1
810,RSIBot1,MomBot2,65158.590000,1
812,RSIBot1,MomBot2,64968.640000,1
813,MomBot2,MomBot1,65098.620000,1
814,BotC,MomBot2,65098.620000,1
815,MomBot2,BotB,65102.620000,1
816,RSIBot1,MomBot1,65125.700000,1
817,MomBot2,MomBot2,65125.700000,1
818,MomBot1,MomBot2,65037.530000,1
820,MomBot1,MomBot1,65011.840000,1
821,BotB,MomBot2,65011.840000,1
822,MomBot1,BotC,65015.840000,1
823,BotC,MomBot1,64774.700000,1
824,RSIBot1,MomBot2,64774.700000,1
825,RSIBot1,BotC,64778.700000,1
826,RSIBot1,MomBot1,64872.070000,1
827,BotB,MomBot2,64872.070000,1
828,MomBot1,MomBot1,64833.430000,1
829,BotB,MomBot2,64833.430000,1
830,MomBot1,MomBot1,64816.070000,1
831,RSIBot1,MomBot2,64816.070000,1
832,BotB,BotB,64820.070000,1
833,BotC,BotC,64820.070000,1
836,RSIBot1,MomBot1,64700.850000,1
837,BotC,MomBot2,64700.850000,1
838,MomBot1,MomBot1,64400.510000,1
839,RSIBot1,MomBot2,64400.510000,1
841,RSIBot1,MomBot2,64484.080000,1
843,BotC,MomBot1,64612.990000,1
844,MomBot2,MomBot2,64612.990000,1
845,MomBot2,BotC,64616.990000,1
848,BotB,MomBot2,64770.450000,1
850,MomBot2,MomBot2,64749.100000,1
851,BotB,BotC,64753.100000,1
854,BotC,MomBot2,64585.190000,1
856,MomBot2,MomBot1,64460.070000,1
857,RSIBot1,MomBot2,64460.070000,1
863,RSIBot1,BotC,64648.260000,1
868,MomBot1,MomBot1,64994.120000,1
876,BotC,RSIBot1,65205.540000,1
882,RSIBot1,MomBot1,64675.210000,1
883,MomBot1,BotB,64679.210000,1
884,MomBot2,BotC,64679.210000,1
886,BotB,MomBot1,64860.330000,1
888,MomBot1,MomBot1,64687.840000,1
889,MomBot2,MomBot2,64687.840000,1
890,BotB,MomBot2,64853.090000,1
892,BotC,MomBot2,64873.540000,1
895,BotB,MomBot2,64752.850000,1
896,BotC,MomBot1,64610.110000,1
897,MomBot2,MomBot2,64610.110000,1
898,BotC,MomBot1,64543.800000,1
899,MomBot2,MomBot2,64543.800000,1
900,MomBot1,BotC,64547.800000,1
901,BotC,MomBot1,64644.580000,1
902,MomBot1,MomBot2,64644.580000,1
903,BotC,BotB,64648.580000,1
905,MomBot1,MomBot2,64806.790000,1
907,MomBot2,MomBot2,64449.790000,1
909,MomBot1,MomBot1,64409.090000,1
910,MomBot2,MomBot2,64409.090000,1
911,BotB,MomBot1,64227.740000,1
912,MomBot1,MomBot2,64227.740000,1
913,MomBot2,BotB,64231.740000,1
914,BotB,MomBot1,64457.280000,1
915,BotB,MomBot2,64457.280000,1
917,MomBot2,MomBot2,64694.780000,1
920,BotB,MomBot2,64768.690000,1
922,MomBot1,MomBot2,64637.590000,1
928,MomBot2,BotB,64680.620000,1
930,MomBot2,MomBot1,64379.590000,1
932,BotC,MomBot1,64421.750000,1
933,BotC,BotC,64425.750000,1
934,MomBot1,MomBot1,64388.250000,1
935,MomBot2,MomBot2,64388.250000,1
937,MomBot1,MomBot1,64280.410000,1
938,MomBot1,MomBot2,64280.410000,1
941,MomBot2,MomBot2,64665.750000,1
944,MomBot2,MomBot2,64832.710000,1
957,MomBot1,MomBot1,64882.300000,1
958,MomBot2,BotC,64886.300000,1
959,MomBot1,BotC,65043.420000,1
973,MomBot2,MomBot1,64898.260000,1
977,MomBot1,MomBot1,64768.800000,1
978,MomBot2,BotC,64772.800000,1
979,MomBot2,MomBot1,64860.650000,1
980,BotB,MomBot2,64860.650000,1
981,MomBot1,MomBot1,64671.830000,1
982,MomBot2,MomBot2,64671.830000,1
983,BotC,MomBot2,64986.610000,1
984,MomBot1,MomBot2,64727.200000,1
985,MomBot2,MomBot2,64774.810000,1
988,MomBot1,MomBot1,64674.090000,1
989,MomBot2,MomBot2,64674.090000,1
990,MomBot2,MomBot1,64806.470000,1
991,BotB,MomBot2,64806.470000,1
993,BotC,MomBot2,64737.540000,1
994,MomBot2,BotB,64741.540000,1
995,MomBot2,MomBot1,64519.420000,1
996,MomBot2,MomBot2,64519.420000,1
998,MomBot1,MomBot1,64566.690000,1
999,BotC,MomBot2,64566.690000,1
1001,MomBot1,MomBot1,64653.420000,1
1002,MomBot2,MomBot2,64653.420000,1
1005,BotC,MomBot2,64693.710000,1
1007,MomBot1,MomBot2,64511.380000,1
1009,MomBot1,MomBot1,64321.170000,1
1010,MomBot2,MomBot2,64321.170000,1
1011,MomBot1,MomBot1,64662.740000,1
1012,MomBot2,MomBot2,64662.740000,1
1013,BotB,BotC,64666.740000,1
1015,BotB,MomBot2,64614.870000,1
1017,BotC,MomBot2,64496.100000,1
1018,MomBot1,BotB,64500.100000,1
1019,MomBot1,MomBot2,64504.540000,1
1021,BotB,MomBot1,64495.850000,1
1022,MomBot1,MomBot1,64337.310000,1
1023,MomBot2,MomBot2,64337.310000,1
1024,BotB,MomBot1,64378.980000,1
1025,BotC,MomBot2,64378.980000,1
1026,MomBot1,MomBot1,64446.530000,1
1027,MomBot1,MomBot2,64446.530000,1
1028,BotB,BotB,64450.530000,1
1029,BotB,MomBot1,64148.880000,1
1030,MomBot1,MomBot2,64148.880000,1
1031,MomBot2,MomBot2,64197.660000,1
1032,MomBot2,MomBot2,64580.640000,1
1033,BotC,MomBot2,64217.770000,1
1034,MomBot1,MomBot1,63971.920000,1
1035,MomBot2,MomBot2,63971.920000,1
1036,BotB,MomBot1,63719.280000,1
1037,BotC,MomBot2,63719.280000,1
1038,BotB,BotB,63723.280000,1
1040,MomBot1,MomBot2,63702.220000,1
1043,BotC,MomBot1,63726.970000,1
1044,BotB,MomBot2,63726.970000,1
1046,MomBot1,MomBot1,63523.890000,1
1047,MomBot2,MomBot2,63523.890000,1
1050,MomBot1,MomBot1,63482.150000,1
1051,MomBot1,MomBot2,63482.150000,1
1052,RSIBot1,BotC,63486.150000,1
1055,MomBot1,MomBot1,63280.790000,1
1056,BotC,MomBot2,63280.790000,1
1058,BotC,MomBot1,63289.740000,1
1059,MomBot1,MomBot2,63289.740000,1
1061,MomBot1,MomBot1,63352.890000,1
1062,MomBot2,MomBot2,63352.890000,1
1064,RSIBot1,MomBot2,63571.310000,1
1066,RSIBot1,MomBot2,63391.430000,1
1068,MomBot1,MomBot2,63600.650000,1
1069,MomBot2,BotC,63604.650000,1
1077,BotC,MomBot1,63445.210000,1
1078,BotC,BotC,63449.210000,1
1080,MomBot2,MomBot1,63193.560000,1
1083,MomBot1,MomBot1,63250.130000,1
1084,BotB,MomBot2,63250.130000,1
1086,BotC,MomBot2,63561.350000,1
1088,MomBot1,MomBot2,63358.460000,1
1089,MomBot2,MomBot1,63118.160000,1
1090,RSIBot1,MomBot2,63118.160000,1
1091,BotC,MomBot1,63500.290000,1
1092,RSIBot1,MomBot2,63500.290000,1
1095,MomBot1,MomBot1,63385.140000,1
1097,MomBot1,MomBot2,63197.790000,1
1098,MomBot1,MomBot1,63160.560000,1
1099,RSIBot1,MomBot2,63160.560000,1
1100,RSIBot1,BotC,63164.560000,1
1101,BotB,MomBot1,62867.940000,1
1102,MomBot1,MomBot2,62867.940000,1
1104,MomBot2,MomBot1,62824.910000,1
1105,BotC,MomBot2,62824.910000,1
1106,MomBot2,MomBot2,62703.430000,1
1108,BotB,MomBot1,62723.850000,1
1109,MomBot1,MomBot2,62723.850000,1
1110,MomBot2,MomBot2,62919.050000,1
1111,BotC,MomBot2,62945.360000,1
1113,MomBot1,MomBot2,62797.250000,1
1114,RSIBot1,BotB,62801.250000,1
1115,MomBot2,MomBot2,62973.150000,1
1123,RSIBot1,BotC,63083.360000,1
1131,RSIBot1,MomBot1,62789.040000,1
1132,BotC,BotB,62793.040000,1
1134,BotC,MomBot1,62875.350000,1
1135,MomBot1,MomBot1,62802.040000,1
1136,MomBot2,MomBot2,62802.040000,1
1137,MomBot1,MomBot1,62600.650000,1
1138,MomBot2,MomBot2,62600.650000,1
1139,MomBot1,BotC,62604.650000,1
1140,MomBot2,MomBot2,62821.980000,1
1143,MomBot1,MomBot2,62959.780000,1
1147,MomBot1,MomBot2,63140.110000,1
1153,MomBot1,BotC,63491.530000,1
1159,MomBot2,BotC,63490.720000,1
1167,MomBot1,MomBot1,63511.370000,1
1169,MomBot2,MomBot1,63663.870000,1
1171,MomBot1,BotB,63667.870000,1
1174,MomBot1,RSIBot1,63766.520000,1
1177,MomBot1,RSIBot1,63818.700000,1
1183,MomBot2,RSIBot1,63869.490000,1
1184,MomBot2,RSIBot1,63976.720000,1
1186,MomBot1,RSIBot1,64197.070000,1
1198,MomBot2,MomBot1,64090.330000,1
1202,BotC,MomBot1,63920.580000,1
1203,MomBot1,MomBot1,63885.920000,1
1204,MomBot2,MomBot2,63885.920000,1
1205,MomBot2,MomBot2,63936.950000,1
1207,BotB,MomBot1,63956.190000,1
1208,BotC,MomBot2,63956.190000,1
1209,MomBot1,MomBot1,63795.680000,1
1210,MomBot2,MomBot2,63795.680000,1
1212,BotC,MomBot1,63936.930000,1
1213,BotC,MomBot2,63936.930000,1
1214,BotB,MomBot1,63846.720000,1
1215,BotC,MomBot2,63846.720000,1
1216,MomBot2,MomBot1,63763.690000,1
1217,BotB,MomBot2,63763.690000,1
1218,BotC,BotB,63767.690000,1
1219,MomBot1,BotC,63767.690000,1
1222,MomBot1,MomBot2,64238.260000,1
1223,MomBot2,RSIBot1,64293.960000,1
1225,MomBot1,BotC,64423.600000,1
1230,MomBot2,BotB,64508.400000,1
1235,MomBot2,BotC,64508.400000,1
1239,MomBot1,MomBot1,64468.880000,1
1242,MomBot2,MomBot1,64293.190000,1
1244,MomBot2,MomBot1,64358.160000,1
1245,MomBot2,MomBot1,64276.130000,1
1246,MomBot1,MomBot2,64276.130000,1
1247,MomBot2,BotC,64280.130000,1
1248,BotB,MomBot1,64301.070000,1
1251,MomBot1,MomBot2,64301.070000,1
1252,BotC,MomBot2,64340.600000,1
1254,MomBot1,MomBot2,64412.130000,1
1256,MomBot1,MomBot2,64441.820000,1
1257,MomBot2,MomBot1,64565.090000,1
1262,MomBot1,BotC,64500.690000,1
1263,MomBot2,BotB,64569.090000,1
1264,MomBot1,BotC,64580.130000,1
1271,MomBot2,BotC,64787.520000,1
1274,MomBot1,MomBot1,64345.840000,1
1275,MomBot2,MomBot1,64442.170000,1
1276,MomBot2,MomBot2,64442.170000,1
1277,MomBot1,BotB,64446.170000,1
1279,MomBot2,MomBot1,64447.350000,1
1280,MomBot2,MomBot2,64447.350000,1
1282,MomBot1,MomBot1,64181.540000,1
1283,MomBot2,MomBot2,64181.540000,1
1284,BotB,MomBot1,64174.360000,1
1285,BotB,MomBot2,64174.360000,1
1286,MomBot2,MomBot1,64175.050000,1
1287,MomBot2,MomBot2,64175.050000,1
1288,BotC,MomBot1,64172.640000,1
1289,MomBot1,MomBot2,64172.640000,1
1294,MomBot1,MomBot1,63841.760000,1
1295,BotB,MomBot2,63841.760000,1
1296,BotC,BotC,63845.760000,1
1298,MomBot2,MomBot1,63645.060000,1
1299,RSIBot1,MomBot2,63645.060000,1
1301,MomBot2,MomBot1,63166.580000,1
1302,MomBot2,MomBot2,63166.580000,1
1304,MomBot2,MomBot1,63031.080000,1
1305,RSIBot1,MomBot2,63031.080000,1
1307,MomBot2,MomBot2,63174.480000,1
1309,BotC,MomBot1,63189.830000,1
1310,MomBot1,MomBot2,63189.830000,1
1311,MomBot2,BotB,63193.830000,1
1314,MomBot1,MomBot2,63105.590000,1
1316,MomBot2,MomBot2,63315.520000,1
