timestep,buyer,seller,price,quantity
9,BotA,BotA,2452.65,1
11,BotC,BotB,2452.83,1
16,BotC,BotC,2459.76,1
17,BotC,BotA,2461.16,1
19,BotB,BotA,2461.19,1
20,BotB,BotB,2461.19,1
21,BotA,BotB,2461.96,1
22,BotB,BotC,2463.57,1
39,BotB,BotB,2456.67,1
40,BotC,BotA,2454.18,1
40,BotC,BotB,2454.18,1
62,BotA,BotA,2454.62,1
64,BotC,BotC,2452.99,1
67,BotA,BotA,2443.4,1
68,BotB,BotB,2439.92,1
70,BotA,BotB,2439.68,1
73,BotB,BotA,2443.67,1
74,BotB,BotC,2445.66,1
76,BotB,BotA,2442.18,1
79,BotA,BotB,2437.18,1
80,BotB,BotC,2436.76,1
83,BotB,BotB,2441.82,1
83,BotA,BotC,2441.82,1
84,BotB,BotC,2445.83,1
85,BotB,BotA,2445.74,1
86,BotA,BotA,2445.26,1
87,BotB,BotC,2445.41,1
96,BotA,BotB,2446.9,1
97,BotB,BotA,2448.1,1
97,BotC,BotB,2448.1,1
97,BotC,BotC,2448.1,1
98,BotA,BotA,2446.32,1
104,BotB,BotA,2441.16,1
105,BotC,BotC,2441.94,1
107,BotB,BotA,2442.31,1
107,BotA,BotC,2442.31,1
123,BotA,BotB,2446.51,1
125,BotA,BotA,2445.87,1
125,BotC,BotC,2445.87,1
133,BotA,BotB,2448,1
134,BotC,BotA,2448.39,1
135,BotB,BotC,2449.1,1
135,BotC,BotA,2449.23,1
136,BotC,BotA,2449.39,1
137,BotA,BotB,2449.44,1
137,BotC,BotA,2449.5,1
167,BotB,BotB,2449.63,1
167,BotC,BotB,2449.7,1
168,BotB,BotC,2449.7,1
168,BotC,BotB,2449.74,1
169,BotB,BotB,2450.19,1
169,BotC,BotA,2450.2,1
170,BotB,BotA,2451.46,1
170,BotC,BotB,2452.04,1
174,BotC,BotA,2452.8,1
188,BotA,BotA,2451.66,1
200,BotC,BotC,2445.75,1
202,BotB,BotA,2448.12,1
202,BotA,BotB,2448.12,1
203,BotB,BotA,2446.65,1
204,BotC,BotA,2445.12,1
204,BotA,BotB,2445.12,1
205,BotC,BotB,2446.46,1
206,BotA,BotC,2445.75,1
207,BotB,BotB,2447.3,1
208,BotC,BotB,2448.1,1
209,BotA,BotB,2448.24,1
209,BotC,BotC,2448.24,1
216,BotB,BotA,2446.52,1
216,BotC,BotB,2446.52,1
216,BotC,BotC,2446.52,1
217,BotB,BotC,2444.86,1
225,BotB,BotA,2445.97,1
253,BotA,BotB,2446.74,1
253,BotB,BotC,2446.75,1
256,BotB,BotC,2446.91,1
256,BotC,BotA,2447.09,1
258,BotA,BotB,2447.09,1
260,BotB,BotA,2447.59,1
260,BotC,BotC,2447.59,1
287,BotC,BotA,2447.67,1
304,BotC,BotA,2446.27,1
305,BotB,BotA,2445.75,1
307,BotC,BotC,2443.36,1
310,BotA,BotC,2442.3,1
312,BotA,BotA,2443.61,1
313,BotB,BotA,2445.57,1
313,BotA,BotB,2445.57,1
318,BotB,BotA,2446.61,1
318,BotA,BotB,2446.61,1
322,BotB,BotC,2442.58,1
323,BotC,BotC,2444.86,1
338,BotC,BotA,2443.83,1
338,BotA,BotC,2443.83,1
341,BotC,BotC,2442.46,1
343,BotA,BotC,2441.39,1
344,BotC,BotA,2438.51,1
345,BotB,BotC,2432.11,1
346,BotA,BotB,2434.32,1
346,BotB,BotC,2434.32,1
347,BotB,BotB,2435.54,1
348,BotC,BotC,2435.09,1
350,BotB,BotA,2432.17,1
350,BotC,BotB,2432.17,1
350,BotC,BotC,2432.17,1
351,BotA,BotC,2434.45,1
353,BotC,BotB,2435.98,1
354,BotA,BotB,2434.23,1
355,BotB,BotA,2434.66,1
356,BotB,BotC,2436.51,1
358,BotC,BotB,2433.95,1
361,BotA,BotA,2438.24,1
363,BotC,BotA,2438.81,1
364,BotA,BotC,2437.22,1
366,BotC,BotA,2437.52,1
367,BotC,BotA,2439.92,1
368,BotB,BotB,2440.48,1
370,BotC,BotB,2441.64,1
370,BotB,BotC,2441.64,1
378,BotB,BotC,2441.86,1
379,BotB,BotB,2440.58,1
380,BotC,BotB,2439.96,1
380,BotA,BotC,2439.96,1
381,BotB,BotB,2439.93,1
385,BotB,BotA,2442.01,1
385,BotA,BotC,2442.01,1
386,BotB,BotA,2443.68,1
388,BotB,BotA,2441.06,1
389,BotC,BotA,2438.91,1
390,BotC,BotA,2438.47,1
392,BotB,BotC,2440.21,1
394,BotC,BotA,2433.54,1
395,BotA,BotA,2432.98,1
403,BotC,BotA,2424.21,1
403,BotB,BotB,2424.21,1
403,BotC,BotC,2424.21,1
405,BotC,BotB,2424.09,1
407,BotB,BotA,2420.7,1
409,BotA,BotB,2422.35,1
410,BotB,BotC,2423.4,1
412,BotA,BotA,2425.01,1
413,BotB,BotB,2425.01,1
418,BotC,BotB,2424.21,1
419,BotC,BotA,2423.85,1
419,BotB,BotB,2423.85,1
419,BotC,BotC,2423.85,1
420,BotC,BotA,2423.65,1
421,BotC,BotA,2422.83,1
421,BotB,BotB,2422.83,1
421,BotA,BotC,2422.83,1
422,BotB,BotB,2421.08,1
423,BotA,BotA,2422.27,1
423,BotA,BotC,2422.27,1
424,BotB,BotB,2420.04,1
425,BotC,BotA,2416.27,1
426,BotA,BotB,2414.25,1
427,BotB,BotB,2413.23,1
428,BotC,BotA,2411.82,1
429,BotC,BotA,2416.68,1
430,BotB,BotB,2417.82,1
430,BotC,BotC,2417.82,1
432,BotA,BotA,2410.8,1
432,BotA,BotB,2410.8,1
432,BotC,BotC,2410.8,1
433,BotA,BotA,2404.48,1
434,BotA,BotC,2410.8,1
437,BotA,BotB,2408.59,1
438,BotC,BotB,2407.45,1
438,BotA,BotC,2407.45,1
440,BotC,BotA,2399.12,1
441,BotA,BotA,2403.42,1
445,BotC,BotB,2405.51,1
455,BotB,BotB,2413.39,1
457,BotB,BotA,2419.9,1
457,BotC,BotC,2419.9,1
459,BotC,BotB,2420.51,1
459,BotC,BotC,2420.51,1
460,BotA,BotB,2420.96,1
461,BotB,BotC,2430.41,1
464,BotA,BotC,2436.39,1
466,BotB,BotB,2434.07,1
468,BotC,BotA,2430.31,1
469,BotA,BotA,2428.65,1
471,BotC,BotA,2427.43,1
472,BotA,BotB,2429.98,1
475,BotC,BotC,2423.11,1
476,BotC,BotB,2420.14,1
479,BotA,BotB,2416.73,1
481,BotB,BotB,2418.05,1
482,BotB,BotB,2420.67,1
483,BotC,BotA,2420.29,1
486,BotC,BotA,2416.21,1
486,BotB,BotC,2416.21,1
487,BotB,BotA,2416.9,1
492,BotC,BotB,2420.56,1
495,BotA,BotB,2417.57,1
496,BotA,BotA,2417.07,1
497,BotA,BotA,2411.54,1
497,BotC,BotB,2411.54,1
497,BotB,BotC,2411.54,1
498,BotA,BotB,2412.38,1
499,BotC,BotA,2412.49,1
