timestep,buyer,seller,price,quantity
9,MomBot1,MomBot1,2456.470000,1
10,MomBot1,BotA,2459.190000,1
10,MomBot2,BotB,2459.190000,1
11,MomBot1,BotA,2461.960000,1
11,MomBot2,BotB,2461.960000,1
12,MomBot1,BotC,2461.960000,1
14,MomBot2,MomBot1,2461.920000,1
15,MomBot2,BotC,2463.570000,1
16,MomBot1,BotA,2465.920000,1
16,MomBot2,BotB,2465.920000,1
17,MomBot1,MomBot1,2466.070000,1
17,MomBot2,RSIBot1,2466.070000,1
18,MomBot1,RSIBot1,2468.970000,1
20,MomBot1,RSIBot1,2471.400000,1
20,MomBot2,RSIBot1,2471.410000,1
21,MomBot1,RSIBot1,2471.980000,1
23,MomBot2,MomBot1,2467.450000,1
24,BotA,MomBot1,2462.350000,1
25,MomBot1,MomBot1,2462.910000,1
25,MomBot2,MomBot2,2462.910000,1
25,MomBot2,BotB,2466.910000,1
26,MomBot1,MomBot1,2460.860000,1
26,MomBot2,MomBot2,2460.860000,1
26,MomBot2,BotC,2464.860000,1
27,BotA,MomBot1,2463.630000,1
27,BotB,MomBot2,2463.630000,1
28,BotA,MomBot2,2464.580000,1
29,BotB,MomBot2,2462.140000,1
30,MomBot1,MomBot1,2456.970000,1
30,MomBot1,MomBot2,2456.970000,1
32,MomBot2,MomBot1,2458.150000,1
32,BotC,MomBot2,2458.150000,1
33,MomBot2,MomBot1,2459.220000,1
33,MomBot1,MomBot2,2459.220000,1
34,BotB,MomBot1,2459.170000,1
34,MomBot2,MomBot2,2459.170000,1
37,BotA,MomBot1,2455.370000,1
37,BotB,MomBot2,2455.370000,1
38,MomBot1,MomBot1,2453.340000,1
38,BotB,MomBot2,2453.340000,1
39,RSIBot1,MomBot1,2452.670000,1
39,BotC,MomBot2,2452.670000,1
40,BotA,MomBot1,2450.180000,1
40,BotC,MomBot2,2450.180000,1
41,BotB,MomBot1,2449.310000,1
41,BotC,MomBot2,2449.310000,1
42,MomBot1,MomBot1,2452.640000,1
42,BotA,MomBot2,2452.640000,1
43,MomBot1,MomBot2,2453.630000,1
44,BotA,MomBot2,2452.490000,1
45,BotB,MomBot2,2451.040000,1
46,BotB,MomBot1,2452.760000,1
51,MomBot1,BotA,2455.040000,1
52,MomBot1,BotC,2456.670000,1
52,MomBot2,BotB,2457.340000,1
59,MomBot2,MomBot1,2452.370000,1
59,MomBot1,MomBot2,2452.370000,1
60,MomBot2,MomBot1,2453.180000,1
60,MomBot2,MomBot2,2453.180000,1
61,MomBot2,MomBot1,2454.600000,1
61,MomBot1,MomBot2,2454.600000,1
62,MomBot2,MomBot1,2450.620000,1
62,MomBot2,MomBot2,2450.620000,1
63,MomBot1,MomBot1,2449.720000,1
63,MomBot2,MomBot2,2449.720000,1
64,MomBot1,MomBot1,2448.990000,1
64,MomBot2,MomBot2,2448.990000,1
64,BotA,BotA,2452.990000,1
65,BotB,MomBot1,2445.560000,1
65,MomBot1,MomBot2,2445.560000,1
66,BotC,MomBot1,2438.350000,1
66,MomBot1,MomBot2,2438.350000,1
66,MomBot2,BotB,2442.350000,1
67,MomBot1,MomBot1,2439.400000,1
67,MomBot2,MomBot2,2439.400000,1
67,MomBot1,BotA,2443.400000,1
68,MomBot2,MomBot1,2435.920000,1
68,BotC,MomBot2,2435.920000,1
69,MomBot1,MomBot1,2439.840000,1
69,BotA,MomBot2,2439.840000,1
70,BotB,MomBot1,2435.680000,1
70,BotA,MomBot2,2435.680000,1
71,BotA,MomBot1,2436.460000,1
71,BotB,MomBot2,2436.460000,1
72,BotA,MomBot1,2437.890000,1
72,BotC,MomBot2,2437.890000,1
72,BotA,BotB,2441.890000,1
73,MomBot2,MomBot2,2439.670000,1
73,MomBot1,BotB,2443.670000,1
74,BotA,MomBot2,2441.660000,1
74,BotC,BotA,2445.660000,1
75,BotA,BotC,2445.960000,1
77,BotA,MomBot1,2432.520000,1
78,MomBot1,MomBot1,2434.140000,1
78,RSIBot1,MomBot2,2434.140000,1
78,BotA,BotA,2438.140000,1
79,BotA,MomBot1,2433.180000,1
79,BotB,MomBot2,2433.180000,1
80,BotC,MomBot1,2432.760000,1
80,RSIBot1,MomBot2,2432.760000,1
80,BotC,BotA,2436.760000,1
81,BotA,MomBot1,2433.210000,1
81,BotA,MomBot2,2433.210000,1
81,BotB,BotC,2437.210000,1
82,BotA,MomBot1,2433.970000,1
82,BotC,MomBot2,2433.970000,1
83,BotB,MomBot2,2437.820000,1
83,BotA,BotB,2441.820000,1
83,BotC,BotC,2441.820000,1
84,BotC,MomBot2,2441.830000,1
89,MomBot1,BotB,2445.260000,1
89,MomBot2,BotC,2445.260000,1
90,MomBot1,BotB,2445.740000,1
90,MomBot2,BotB,2445.830000,1
93,MomBot1,MomBot1,2445.500000,1
93,MomBot2,RSIBot1,2445.500000,1
94,MomBot1,MomBot1,2443.980000,1
95,MomBot2,MomBot1,2447.530000,1
96,BotA,MomBot1,2442.900000,1
96,MomBot2,MomBot2,2442.900000,1
98,BotA,MomBot1,2442.320000,1
98,RSIBot1,MomBot2,2442.320000,1
99,MomBot2,MomBot1,2441.950000,1
99,MomBot1,MomBot2,2441.950000,1
100,MomBot2,MomBot1,2438.620000,1
100,BotC,MomBot2,2438.620000,1
100,BotC,BotB,2442.620000,1
101,BotA,MomBot1,2441.070000,1
101,BotA,MomBot2,2441.070000,1
102,MomBot2,MomBot1,2438.500000,1
102,BotA,MomBot2,2438.500000,1
103,BotC,MomBot1,2436.790000,1
103,MomBot1,MomBot2,2436.790000,1
104,MomBot2,MomBot1,2437.160000,1
104,MomBot1,MomBot2,2437.160000,1
105,MomBot1,MomBot1,2437.940000,1
105,MomBot2,MomBot2,2437.940000,1
106,MomBot1,MomBot2,2438.500000,1
107,BotB,MomBot2,2438.310000,1
108,BotB,MomBot2,2438.860000,1
110,MomBot1,BotB,2440.790000,1
110,MomBot2,BotC,2440.790000,1
111,MomBot1,BotC,2441.940000,1
111,MomBot2,BotA,2442.310000,1
112,MomBot1,BotB,2442.500000,1
112,MomBot2,MomBot1,2444.100000,1
117,MomBot1,MomBot2,2444.100000,1
117,MomBot2,BotC,2445.070000,1
121,MomBot1,RSIBot1,2444.710000,1
121,MomBot2,MomBot1,2445.230000,1
123,MomBot1,MomBot1,2442.510000,1
123,MomBot2,MomBot2,2442.510000,1
124,MomBot2,MomBot1,2442.530000,1
124,MomBot2,MomBot2,2442.530000,1
125,MomBot2,MomBot1,2441.870000,1
125,BotA,MomBot2,2441.870000,1
128,BotB,MomBot2,2442.560000,1
129,MomBot1,MomBot2,2444.000000,1
130,MomBot1,MomBot1,2444.390000,1
130,MomBot2,MomBot2,2444.390000,1
130,BotB,MomBot2,2444.580000,1
131,MomBot1,RSIBot1,2445.230000,1
131,MomBot2,MomBot1,2445.390000,1
132,MomBot1,MomBot1,2445.700000,1
132,MomBot2,RSIBot1,2445.700000,1
132,BotB,MomBot1,2445.740000,1
133,MomBot1,RSIBot1,2445.740000,1
133,MomBot2,BotA,2445.950000,1
133,BotB,BotA,2446.320000,1
134,MomBot1,BotA,2446.530000,1
134,MomBot2,BotA,2446.560000,1
134,BotA,BotC,2446.560000,1
135,MomBot1,RSIBot1,2447.530000,1
135,MomBot2,BotB,2448.000000,1
135,BotA,RSIBot1,2448.060000,1
136,MomBot1,BotB,2448.710000,1
136,MomBot2,BotB,2449.020000,1
136,BotB,BotB,2449.100000,1
136,BotC,MomBot2,2449.140000,1
137,MomBot1,RSIBot1,2449.300000,1
137,MomBot2,BotB,2449.440000,1
137,BotA,RSIBot1,2449.700000,1
138,MomBot2,RSIBot1,2449.730000,1
139,MomBot2,BotB,2450.190000,1
140,MomBot2,MomBot1,2452.240000,1
142,BotA,MomBot1,2446.650000,1
142,BotC,MomBot2,2446.650000,1
143,BotA,MomBot1,2446.200000,1
146,MomBot1,MomBot1,2445.700000,1
151,MomBot1,MomBot1,2445.630000,1
151,MomBot2,MomBot2,2445.630000,1
152,MomBot1,MomBot2,2445.700000,1
152,MomBot2,MomBot2,2445.710000,1
153,MomBot1,MomBot2,2446.200000,1
153,MomBot2,MomBot1,2446.770000,1
155,MomBot1,MomBot2,2446.770000,1
155,MomBot2,MomBot2,2447.260000,1
156,MomBot1,MomBot1,2447.460000,1
156,MomBot2,MomBot2,2447.460000,1
157,MomBot1,MomBot2,2448.040000,1
157,MomBot2,BotB,2449.700000,1
158,MomBot1,BotA,2449.710000,1
158,MomBot2,BotB,2450.770000,1
159,MomBot1,MomBot1,2451.000000,1
159,MomBot2,MomBot2,2451.000000,1
160,MomBot1,BotC,2451.260000,1
160,MomBot2,BotB,2451.460000,1
161,MomBot1,BotB,2451.980000,1
161,MomBot2,BotA,2452.040000,1
164,MomBot2,MomBot1,2450.400000,1
167,MomBot1,MomBot1,2452.570000,1
167,MomBot2,MomBot2,2452.570000,1
168,MomBot1,BotC,2452.800000,1
168,MomBot2,RSIBot1,2453.510000,1
169,MomBot1,MomBot1,2453.650000,1
169,MomBot2,MomBot2,2453.650000,1
170,MomBot1,BotA,2453.720000,1
170,MomBot2,BotB,2453.730000,1
171,MomBot2,BotC,2453.730000,1
173,MomBot2,RSIBot1,2453.790000,1
174,MomBot2,BotA,2454.030000,1
175,MomBot1,RSIBot1,2454.200000,1
175,MomBot2,RSIBot1,2454.260000,1
176,MomBot1,MomBot1,2454.480000,1
177,MomBot1,RSIBot1,2454.480000,1
177,MomBot2,MomBot1,2454.990000,1
180,BotA,MomBot1,2453.610000,1
180,BotB,MomBot2,2453.610000,1
182,MomBot1,MomBot1,2454.310000,1
183,MomBot1,MomBot2,2454.310000,1
184,MomBot2,MomBot2,2453.100000,1
185,MomBot2,MomBot1,2449.530000,1
185,BotB,MomBot2,2449.530000,1
186,BotC,MomBot1,2448.950000,1
186,MomBot1,MomBot2,2448.950000,1
187,MomBot2,MomBot1,2448.990000,1
187,BotC,MomBot2,2448.990000,1
188,BotA,MomBot1,2447.660000,1
188,BotB,MomBot2,2447.660000,1
189,MomBot1,MomBot1,2449.130000,1
189,BotA,MomBot2,2449.130000,1
190,BotC,MomBot2,2450.970000,1
191,BotC,MomBot2,2450.670000,1
194,BotC,MomBot1,2449.370000,1
197,BotC,MomBot1,2448.070000,1
197,MomBot1,MomBot2,2448.070000,1
198,BotA,MomBot1,2447.410000,1
198,MomBot1,MomBot2,2447.410000,1
199,MomBot2,MomBot1,2445.090000,1
199,MomBot1,MomBot2,2445.090000,1
200,MomBot1,MomBot1,2441.750000,1
200,MomBot2,MomBot2,2441.750000,1
200,BotA,BotC,2445.750000,1
201,MomBot2,MomBot1,2443.890000,1
201,MomBot2,MomBot2,2443.890000,1
201,BotB,BotC,2447.890000,1
202,BotC,MomBot1,2444.120000,1
202,BotB,MomBot2,2444.120000,1
203,BotB,MomBot1,2442.650000,1
203,BotC,MomBot2,2442.650000,1
204,MomBot2,MomBot1,2441.120000,1
204,RSIBot1,MomBot2,2441.120000,1
204,BotA,BotB,2445.120000,1
205,BotC,MomBot1,2442.460000,1
205,RSIBot1,MomBot2,2442.460000,1
206,MomBot1,MomBot1,2441.750000,1
206,MomBot2,MomBot2,2441.750000,1
207,RSIBot1,MomBot2,2443.300000,1
208,BotA,MomBot2,2444.100000,1
214,BotC,MomBot1,2444.390000,1
215,MomBot1,MomBot1,2444.390000,1
216,RSIBot1,MomBot1,2442.520000,1
216,BotA,MomBot2,2442.520000,1
217,BotC,MomBot1,2440.860000,1
217,MomBot1,MomBot2,2440.860000,1
218,MomBot2,MomBot1,2442.400000,1
218,BotA,MomBot2,2442.400000,1
219,BotC,MomBot1,2442.860000,1
219,BotA,MomBot2,2442.860000,1
220,BotA,MomBot2,2443.200000,1
221,BotC,MomBot2,2443.990000,1
224,BotB,MomBot1,2441.200000,1
225,MomBot1,MomBot1,2441.970000,1
226,MomBot2,MomBot1,2443.590000,1
227,MomBot1,MomBot1,2443.090000,1
227,BotA,MomBot2,2443.090000,1
235,MomBot1,MomBot1,2442.910000,1
236,MomBot2,MomBot1,2442.740000,1
236,MomBot1,MomBot2,2442.740000,1
239,MomBot1,MomBot1,2443.720000,1
240,MomBot1,MomBot2,2443.720000,1
240,MomBot2,MomBot2,2444.190000,1
246,MomBot1,MomBot1,2442.750000,1
246,MomBot2,MomBot2,2442.750000,1
247,MomBot1,MomBot1,2443.670000,1
249,MomBot2,MomBot2,2443.150000,1
251,MomBot1,MomBot2,2443.670000,1
252,MomBot1,MomBot1,2444.160000,1
252,MomBot2,MomBot2,2444.230000,1
253,MomBot1,MomBot1,2444.430000,1
253,MomBot2,MomBot2,2444.830000,1
254,MomBot1,BotA,2444.860000,1
254,MomBot2,MomBot2,2445.100000,1
255,MomBot1,MomBot1,2445.140000,1
255,MomBot2,BotA,2445.200000,1
255,BotA,MomBot1,2445.220000,1
255,BotB,MomBot2,2445.220000,1
256,MomBot1,BotB,2445.750000,1
256,MomBot2,BotC,2445.750000,1
256,BotB,BotC,2445.970000,1
257,MomBot1,MomBot2,2446.250000,1
257,MomBot2,MomBot2,2446.440000,1
258,MomBot2,BotC,2446.750000,1
258,BotC,BotB,2446.910000,1
259,MomBot2,BotA,2447.150000,1
260,MomBot2,BotB,2447.150000,1
261,MomBot1,BotA,2447.300000,1
261,MomBot2,BotC,2447.300000,1
271,MomBot1,BotA,2447.670000,1
273,MomBot1,BotB,2447.720000,1
275,MomBot2,MomBot1,2447.860000,1
276,MomBot2,MomBot2,2447.860000,1
279,MomBot1,BotB,2448.100000,1
279,MomBot2,MomBot1,2448.200000,1
280,MomBot1,MomBot2,2448.200000,1
280,MomBot2,BotC,2448.230000,1
281,MomBot1,BotB,2448.240000,1
281,MomBot2,MomBot1,2448.300000,1
282,MomBot1,MomBot2,2448.300000,1
282,MomBot2,BotB,2448.430000,1
283,MomBot2,BotB,2448.760000,1
284,MomBot2,BotA,2448.880000,1
285,MomBot1,BotA,2449.000000,1
285,MomBot2,MomBot1,2449.080000,1
286,MomBot1,MomBot2,2449.080000,1
286,MomBot2,BotC,2449.090000,1
287,MomBot1,BotA,2449.220000,1
287,MomBot2,MomBot1,2449.220000,1
288,MomBot1,MomBot2,2449.220000,1
288,MomBot2,MomBot2,2449.390000,1
289,MomBot2,BotB,2449.420000,1
290,MomBot2,MomBot2,2449.450000,1
291,MomBot2,MomBot1,2449.560000,1
302,BotA,MomBot1,2445.300000,1
302,RSIBot1,MomBot2,2445.300000,1
303,MomBot2,MomBot1,2440.390000,1
303,MomBot1,MomBot2,2440.390000,1
303,MomBot1,BotC,2444.390000,1
304,BotC,MomBot1,2442.270000,1
304,RSIBot1,MomBot2,2442.270000,1
305,BotA,MomBot1,2441.750000,1
305,BotB,MomBot2,2441.750000,1
306,BotC,MomBot2,2444.240000,1
307,MomBot1,MomBot2,2439.360000,1
308,MomBot2,MomBot1,2438.820000,1
308,BotA,MomBot2,2438.820000,1
308,BotB,BotA,2442.820000,1
309,BotC,MomBot1,2438.370000,1
309,BotA,MomBot2,2438.370000,1
309,BotC,BotA,2442.370000,1
309,BotA,BotB,2442.370000,1
310,BotA,MomBot1,2438.300000,1
310,BotC,MomBot2,2438.300000,1
310,BotA,BotB,2442.300000,1
311,BotB,MomBot2,2440.010000,1
312,BotC,MomBot2,2439.610000,1
313,BotC,MomBot2,2441.570000,1
314,BotA,MomBot2,2441.630000,1
320,BotB,MomBot1,2443.340000,1
321,BotC,MomBot1,2437.010000,1
322,BotA,MomBot1,2438.580000,1
322,BotC,MomBot2,2438.580000,1
322,BotB,BotC,2442.580000,1
323,MomBot2,MomBot1,2440.860000,1
323,BotB,MomBot2,2440.860000,1
329,MomBot1,MomBot2,2445.000000,1
329,MomBot2,BotA,2445.630000,1
330,MomBot1,MomBot2,2445.660000,1
333,MomBot2,MomBot1,2444.410000,1
334,MomBot1,MomBot1,2444.430000,1
336,MomBot2,MomBot1,2442.790000,1
336,MomBot2,MomBot2,2442.790000,1
337,MomBot1,MomBot1,2440.180000,1
337,MomBot2,MomBot2,2440.180000,1
338,MomBot1,MomBot1,2439.830000,1
338,MomBot2,MomBot2,2439.830000,1
339,BotC,MomBot1,2438.580000,1
339,MomBot1,MomBot2,2438.580000,1
339,BotA,BotB,2442.580000,1
340,BotC,MomBot1,2436.410000,1
340,BotA,MomBot2,2436.410000,1
341,BotC,MomBot1,2438.460000,1
341,MomBot1,MomBot2,2438.460000,1
341,MomBot2,BotC,2442.460000,1
342,BotA,MomBot1,2437.560000,1
342,BotC,MomBot2,2437.560000,1
342,RSIBot1,BotA,2441.560000,1
343,MomBot2,MomBot1,2437.390000,1
343,BotC,MomBot2,2437.390000,1
344,BotA,MomBot1,2434.510000,1
344,BotA,MomBot2,2434.510000,1
344,MomBot2,BotB,2438.510000,1
345,MomBot1,MomBot1,2428.110000,1
345,BotA,MomBot2,2428.110000,1
346,MomBot1,MomBot1,2430.320000,1
346,MomBot2,MomBot2,2430.320000,1
346,MomBot1,BotA,2434.320000,1
346,MomBot2,BotB,2434.320000,1
347,MomBot1,MomBot1,2431.540000,1
347,BotB,MomBot2,2431.540000,1
347,BotC,BotA,2435.540000,1
348,MomBot1,MomBot2,2431.090000,1
348,MomBot2,BotA,2435.090000,1
349,MomBot1,MomBot2,2430.020000,1
349,MomBot1,BotA,2434.020000,1
350,MomBot2,MomBot1,2428.170000,1
350,MomBot1,MomBot2,2428.170000,1
350,MomBot2,BotA,2432.170000,1
351,MomBot1,MomBot1,2430.450000,1
351,BotA,MomBot2,2430.450000,1
351,BotC,BotB,2434.450000,1
352,MomBot1,MomBot1,2429.030000,1
352,MomBot2,MomBot2,2429.030000,1
353,MomBot2,MomBot2,2431.980000,1
354,MomBot2,MomBot2,2430.230000,1
354,MomBot2,BotA,2434.230000,1
356,MomBot2,BotA,2436.510000,1
359,MomBot2,MomBot1,2431.110000,1
359,BotA,BotB,2435.110000,1
359,MomBot1,BotC,2435.110000,1
360,MomBot2,MomBot1,2431.510000,1
360,MomBot1,BotA,2435.510000,1
360,MomBot2,BotB,2435.510000,1
361,MomBot1,BotB,2438.240000,1
364,RSIBot1,BotA,2437.220000,1
364,MomBot1,BotC,2437.220000,1
365,MomBot1,MomBot1,2432.570000,1
366,MomBot2,MomBot1,2433.520000,1
367,MomBot1,BotC,2439.920000,1
369,MomBot2,BotB,2441.270000,1
369,MomBot1,BotC,2441.270000,1
370,BotA,BotC,2441.640000,1
371,BotC,BotC,2440.840000,1
372,BotB,RSIBot1,2437.940000,1
372,MomBot1,BotB,2441.940000,1
374,MomBot1,RSIBot1,2438.060000,1
376,BotC,RSIBot1,2438.270000,1
378,BotC,MomBot1,2437.860000,1
378,MomBot1,RSIBot1,2437.860000,1
379,MomBot2,MomBot1,2436.580000,1
379,BotA,BotB,2440.580000,1
380,BotB,MomBot1,2435.960000,1
380,MomBot2,MomBot2,2435.960000,1
381,BotA,MomBot1,2435.930000,1
381,BotC,MomBot2,2435.930000,1
382,MomBot1,MomBot1,2437.060000,1
382,MomBot2,MomBot2,2437.060000,1
383,MomBot2,MomBot2,2438.530000,1
384,MomBot1,MomBot2,2439.280000,1
387,MomBot1,MomBot1,2437.070000,1
388,MomBot1,MomBot1,2437.060000,1
388,BotA,BotB,2441.060000,1
389,MomBot1,MomBot1,2434.910000,1
389,MomBot2,MomBot2,2434.910000,1
390,MomBot2,MomBot1,2434.470000,1
390,BotA,MomBot2,2434.470000,1
390,BotC,BotB,2438.470000,1
391,MomBot2,MomBot1,2435.710000,1
391,BotB,MomBot2,2435.710000,1
391,MomBot1,BotA,2439.710000,1
392,MomBot2,MomBot1,2436.210000,1
392,MomBot1,MomBot2,2436.210000,1
393,RSIBot1,MomBot2,2434.240000,1
393,BotA,BotB,2438.240000,1
394,BotB,MomBot1,2429.540000,1
394,BotC,MomBot2,2429.540000,1
395,BotB,MomBot1,2428.980000,1
395,RSIBot1,MomBot2,2428.980000,1
396,BotA,MomBot1,2427.830000,1
396,BotA,MomBot2,2427.830000,1
397,BotB,MomBot1,2421.000000,1
397,MomBot1,MomBot2,2421.000000,1
397,MomBot2,BotB,2425.000000,1
397,MomBot2,BotC,2425.000000,1
398,BotA,MomBot1,2416.100000,1
398,BotB,MomBot2,2416.100000,1
398,BotB,BotB,2420.100000,1
399,RSIBot1,MomBot1,2414.220000,1
399,RSIBot1,MomBot2,2414.220000,1
400,BotB,MomBot1,2416.800000,1
400,BotB,MomBot2,2416.800000,1
400,BotB,BotC,2420.800000,1
401,BotC,MomBot1,2418.340000,1
401,BotA,MomBot2,2418.340000,1
401,BotB,BotA,2422.340000,1
401,BotC,BotB,2422.340000,1
402,MomBot1,MomBot2,2421.000000,1
402,MomBot1,BotC,2425.000000,1
403,BotB,MomBot2,2420.210000,1
403,BotA,BotA,2424.210000,1
404,MomBot1,MomBot2,2421.580000,1
405,MomBot2,BotC,2424.090000,1
406,BotC,MomBot1,2417.300000,1
407,BotA,MomBot1,2416.700000,1
408,BotC,MomBot1,2413.450000,1
408,MomBot1,MomBot2,2413.450000,1
409,MomBot2,MomBot1,2418.350000,1
409,BotC,MomBot2,2418.350000,1
409,BotC,BotA,2422.350000,1
410,MomBot2,MomBot2,2419.400000,1
410,BotA,BotC,2423.400000,1
411,BotA,MomBot2,2420.460000,1
412,RSIBot1,MomBot2,2421.010000,1
415,BotA,BotA,2427.170000,1
416,BotC,BotA,2427.010000,1
416,BotB,BotB,2427.010000,1
418,BotC,MomBot1,2420.210000,1
418,BotB,BotA,2424.210000,1
418,MomBot1,BotC,2424.210000,1
419,MomBot2,MomBot1,2419.850000,1
420,BotA,MomBot1,2419.650000,1
420,BotB,MomBot2,2419.650000,1
420,BotA,BotC,2423.650000,1
421,BotB,MomBot1,2418.830000,1
421,BotA,MomBot2,2418.830000,1
421,BotC,BotC,2422.830000,1
422,BotA,MomBot1,2417.080000,1
422,BotA,MomBot2,2417.080000,1
422,BotC,BotB,2421.080000,1
423,BotA,MomBot1,2418.270000,1
423,BotA,MomBot2,2418.270000,1
423,BotB,BotC,2422.270000,1
424,BotC,MomBot1,2416.040000,1
424,BotA,MomBot2,2416.040000,1
424,BotB,BotB,2420.040000,1
425,BotC,MomBot1,2412.270000,1
425,RSIBot1,MomBot2,2412.270000,1
426,BotA,MomBot1,2410.250000,1
426,BotC,MomBot2,2410.250000,1
427,BotA,MomBot1,2409.230000,1
427,BotA,MomBot2,2409.230000,1
428,BotC,MomBot1,2407.820000,1
428,BotA,MomBot2,2407.820000,1
429,BotB,MomBot1,2412.680000,1
429,BotB,MomBot2,2412.680000,1
429,BotC,BotC,2416.680000,1
430,BotB,MomBot2,2413.820000,1
430,BotA,BotB,2417.820000,1
431,MomBot1,MomBot2,2411.270000,1
431,RSIBot1,BotC,2415.270000,1
432,BotC,MomBot1,2406.800000,1
432,BotA,MomBot2,2406.800000,1
433,BotC,MomBot1,2400.480000,1
433,BotA,MomBot2,2400.480000,1
433,BotC,BotA,2404.480000,1
434,RSIBot1,MomBot1,2406.800000,1
434,BotC,MomBot2,2406.800000,1
435,MomBot1,MomBot1,2400.470000,1
435,MomBot2,MomBot2,2400.470000,1
436,MomBot1,MomBot1,2400.040000,1
436,BotB,MomBot2,2400.040000,1
436,MomBot1,BotA,2404.040000,1
436,RSIBot1,BotB,2404.040000,1
437,BotC,MomBot1,2404.590000,1
437,RSIBot1,MomBot2,2404.590000,1
438,MomBot1,MomBot2,2403.450000,1
439,RSIBot1,MomBot2,2399.530000,1
439,BotC,BotA,2403.530000,1
440,BotC,MomBot1,2395.120000,1
440,BotB,MomBot2,2395.120000,1
440,MomBot1,BotB,2399.120000,1
441,BotA,MomBot1,2399.420000,1
441,BotC,MomBot2,2399.420000,1
442,BotC,MomBot1,2396.930000,1
442,BotA,MomBot2,2396.930000,1
442,BotB,BotB,2400.930000,1
442,BotC,BotC,2400.930000,1
443,BotC,MomBot2,2399.980000,1
444,MomBot1,MomBot2,2400.990000,1
444,RSIBot1,BotA,2404.990000,1
444,BotB,BotC,2404.990000,1
445,BotC,MomBot2,2401.510000,1
445,BotA,BotC,2405.510000,1
446,BotB,BotB,2406.920000,1
446,BotC,BotC,2406.920000,1
447,BotB,BotB,2406.090000,1
448,MomBot1,BotA,2407.090000,1
448,MomBot2,BotB,2407.090000,1
451,MomBot1,BotC,2411.560000,1
454,BotA,RSIBot1,2410.040000,1
455,BotB,RSIBot1,2409.390000,1
456,BotA,RSIBot1,2418.860000,1
456,BotC,BotB,2422.860000,1
457,MomBot1,RSIBot1,2415.900000,1
457,BotA,BotB,2419.900000,1
458,BotB,RSIBot1,2415.290000,1
459,BotB,RSIBot1,2416.510000,1
460,RSIBot1,MomBot1,2416.960000,1
460,RSIBot1,RSIBot1,2416.960000,1
461,BotB,RSIBot1,2426.410000,1
461,MomBot1,BotC,2430.410000,1
462,RSIBot1,RSIBot1,2433.440000,1
463,BotA,RSIBot1,2432.390000,1
464,MomBot1,RSIBot1,2432.390000,1
465,MomBot2,RSIBot1,2431.900000,1
465,MomBot1,BotA,2435.900000,1
466,MomBot2,MomBot1,2430.070000,1
466,MomBot1,RSIBot1,2430.070000,1
466,MomBot2,BotA,2434.070000,1
466,MomBot1,BotB,2434.070000,1
467,MomBot2,MomBot1,2427.750000,1
467,BotA,RSIBot1,2427.750000,1
468,BotC,MomBot1,2426.310000,1
468,RSIBot1,RSIBot1,2426.310000,1
468,MomBot1,BotA,2430.310000,1
468,MomBot2,BotB,2430.310000,1
469,RSIBot1,MomBot1,2424.650000,1
469,BotC,MomBot2,2424.650000,1
470,MomBot2,MomBot1,2425.230000,1
470,MomBot1,MomBot2,2425.230000,1
471,BotA,MomBot1,2423.430000,1
471,BotA,MomBot2,2423.430000,1
472,BotC,MomBot1,2425.980000,1
472,BotC,MomBot2,2425.980000,1
472,MomBot1,BotA,2429.980000,1
472,MomBot2,BotB,2429.980000,1
472,BotC,BotC,2429.980000,1
473,MomBot1,MomBot2,2424.000000,1
473,MomBot2,BotB,2428.000000,1
474,BotA,MomBot1,2423.550000,1
474,BotC,MomBot2,2423.550000,1
474,RSIBot1,BotB,2427.550000,1
475,MomBot1,MomBot1,2419.110000,1
475,MomBot2,MomBot2,2419.110000,1
476,BotA,MomBot1,2416.140000,1
476,RSIBot1,MomBot2,2416.140000,1
476,MomBot1,BotA,2420.140000,1
476,MomBot2,BotC,2420.140000,1
477,BotA,MomBot1,2415.630000,1
477,BotB,MomBot2,2415.630000,1
478,BotC,MomBot1,2411.710000,1
478,RSIBot1,MomBot2,2411.710000,1
479,BotC,MomBot1,2412.730000,1
479,BotA,MomBot2,2412.730000,1
480,MomBot2,MomBot1,2412.220000,1
480,MomBot2,MomBot2,2412.220000,1
480,BotB,BotB,2416.220000,1
481,MomBot2,MomBot1,2414.050000,1
481,BotB,MomBot2,2414.050000,1
482,BotB,MomBot2,2416.670000,1
482,MomBot1,BotB,2420.670000,1
483,MomBot2,MomBot2,2416.290000,1
484,MomBot2,MomBot2,2413.360000,1
484,MomBot1,BotB,2417.360000,1
485,MomBot2,MomBot1,2412.790000,1
485,RSIBot1,BotA,2416.790000,1
486,RSIBot1,MomBot1,2412.210000,1
487,BotA,MomBot1,2412.900000,1
488,BotB,MomBot1,2412.040000,1
488,BotC,MomBot2,2412.040000,1
489,RSIBot1,MomBot2,2413.500000,1
489,MomBot1,BotA,2417.500000,1
490,MomBot2,MomBot2,2413.210000,1
490,RSIBot1,BotB,2417.210000,1
491,BotA,MomBot2,2416.990000,1
492,BotB,BotB,2420.560000,1
495,BotC,MomBot1,2413.570000,1
495,BotA,BotC,2417.570000,1
496,BotC,MomBot1,2413.070000,1
497,BotA,MomBot1,2407.540000,1
497,BotB,MomBot2,2407.540000,1
497,BotC,BotB,2411.540000,1
498,BotA,MomBot1,2408.380000,1
498,BotB,MomBot2,2408.380000,1
498,BotC,BotA,2412.380000,1
498,MomBot1,BotB,2412.380000,1
498,MomBot2,BotC,2412.380000,1
499,BotA,MomBot1,2408.490000,1
499,BotC,MomBot2,2408.490000,1
500,RSIBot1,MomBot1,2409.430000,1
500,BotA,MomBot2,2409.430000,1
